@incollection{wilcoxon1992individual,
  title={Individual comparisons by ranking methods},
  author={Wilcoxon, Frank},
  booktitle={Breakthroughs in Statistics},
  pages={196--202},
  year={1992},
  publisher={Springer}
}

@book{ozsu2011principles,
  title={Principles of distributed database systems},
  author={{\"O}zsu, M Tamer and Valduriez, Patrick},
  year={2011},
  publisher={Springer Science \& Business Media}
}
